@article{greenwade93,
    author  = "Alexey Krivoborodov",
    title   = "AlmaU document",
    year    = "2022",
    journal = "AlmaU Double Midterm",
    volume  = "14",
    number  = "3",
    pages   = "342--351"
}
